

@inproceedings{LB16,
 author = {Lin, Anthony W. and Barcel\'{o}, Pablo},
 title = {String Solving with Word Equations and Transducers: Towards a Logic for Analysing Mutation {XSS}},
 booktitle = {Proceedings of the 43rd Annual ACM SIGPLAN-SIGACT Symposium on Principles of Programming Languages},
 series = {POPL '16},
 year = {2016},
 pages = {123--136},
 publisher = {Springer},
} 

@inproceedings{TCJ16,
  author    = {Minh{-}Thai Trinh and
               Duc{-}Hiep Chu and
               Joxan Jaffar},
  title     = {Progressive Reasoning over Recursively-Defined Strings},
  booktitle = {Computer Aided Verification - 28th International Conference, {CAV}
               2016, Toronto, ON, Canada, July 17-23, 2016, Proceedings, Part {I}},
  pages     = {218--240},
  year      = {2016},
  publisher = {Springer},
}

@article{YABI14,
 author = {Yu, Fang and Alkhalaf, Muath and Bultan, Tevfik and Ibarra, Oscar H.},
 title = {Automata-based Symbolic String Analysis for Vulnerability Detection},
 journal = {Form. Methods Syst. Des.},
 issue_date = {February  2014},
 volume = {44},
 number = {1},
 year = {2014},
 pages = {44--70},
 } 
 
 @book{HU79,
  author    = {John E. Hopcroft and
               Jeffrey D. Ullman},
  title     = {Introduction to Automata Theory, Languages and Computation},
  publisher = {Addison-Wesley},
  year      = {1979},
}
